<record><leader>00000cas a22000007a 4500</leader><controlfield tag="001">12729616</controlfield><controlfield tag="008">851028d18431849pauwr ne      0    0eng d</controlfield><datafield ind1=" " ind2=" " tag="010"><subfield code="a">sn 85054827 </subfield></datafield><datafield ind1=" " ind2=" " tag="040"><subfield code="a">NPH</subfield><subfield code="b">eng</subfield><subfield code="c">NPH</subfield><subfield code="d">DLC</subfield><subfield code="d">NPH</subfield><subfield code="d">CNK</subfield><subfield code="d">DLC</subfield><subfield code="d">OCLCQ</subfield><subfield code="d">OCLCF</subfield></datafield><datafield ind1="1" ind2=" " tag="029"><subfield code="a">AU@</subfield><subfield code="b">000025801404</subfield></datafield><datafield ind1=" " ind2=" " tag="042"><subfield code="a">msc</subfield></datafield><datafield ind1=" " ind2=" " tag="043"><subfield code="a">n-us-pa</subfield></datafield><datafield ind1="0" ind2="0" tag="050"><subfield code="a">Newspaper</subfield></datafield><datafield ind1="0" ind2="0" tag="245"><subfield code="a">Columbia enquirer.</subfield></datafield><datafield ind1="3" ind2="0" tag="246"><subfield code="a">Enquirer</subfield></datafield><datafield ind1=" " ind2=" " tag="260"><subfield code="a">Berwick, Columbia Co., Pa. :</subfield><subfield code="b">Levi L. Tate</subfield></datafield><datafield ind1=" " ind2=" " tag="300"><subfield code="a">v. ;</subfield><subfield code="c">53 cm.</subfield></datafield><datafield ind1=" " ind2=" " tag="310"><subfield code="a">Weekly</subfield></datafield><datafield ind1="1" ind2=" " tag="362"><subfield code="a">Began in 1843; ceased in 1849.</subfield><subfield code="z">Cf. Battle, J.H. History of Columbia and Montour Counties, Pa.</subfield></datafield><datafield ind1=" " ind2=" " tag="588"><subfield code="a">Description based on: Vol. 1, no. 2 (June 8, 1843).</subfield></datafield><datafield ind1=" " ind2="0" tag="651"><subfield code="a">Berwick (Pa.)</subfield><subfield code="v">Newspapers.</subfield></datafield><datafield ind1=" " ind2="7" tag="655"><subfield code="a">Newspapers.</subfield><subfield code="2">fast</subfield><subfield code="0">(OCoLC)fst01423814</subfield></datafield><datafield ind1=" " ind2="7" tag="651"><subfield code="a">Pennsylvania</subfield><subfield code="z">Berwick.</subfield><subfield code="2">fast</subfield><subfield code="0">(OCoLC)fst01223359</subfield></datafield><datafield ind1=" " ind2=" " tag="752"><subfield code="a">United States</subfield><subfield code="b">Pennsylvania</subfield><subfield code="c">Columbia</subfield><subfield code="d">Berwick.</subfield></datafield><datafield ind1="0" ind2="0" tag="780"><subfield code="t">Berwick sentinel</subfield><subfield code="w">(DLC)sn 85025173</subfield><subfield code="w">(OCoLC)11638383</subfield></datafield></record>